% Encoding: UTF-8

@Article{atwoodetal2015,
  author    = {Atwood, Donald K and Gunn, Grant E and Roussi, Chris and Wu, Jiangfeng and Duguay, Claude and Sarabandi, Kamal},
  title     = {Microwave backscatter from Arctic lake ice and polarimetric implications},
  journal   = {IEEE Transactions on Geoscience and Remote Sensing},
  year      = {2015},
  volume    = {53},
  number    = {11},
  pages     = {5972--5982},
  publisher = {IEEE},
}



