@article{Pernollet2015ARegimes,
    title = {{A comparison of wintering duck numbers among European rice production areas with contrasting flooding regimes}},
    year = {2015},
    journal = {Biological Conservation},
    author = {Pernollet, Claire A. and Guelmami, Anis and Green, Andy J. and Curc{\'{o}} Masip, Antoni and Dies, Bosco and Bogliani, Giuseppe and Tesio, Franco and Brogi, Anne and Gauthier-Clerc, Michel and Guillemain, Matthieu},
    pages = {214--224},
    volume = {186},
    publisher = {Elsevier Ltd},
    doi = {10.1016/j.biocon.2015.03.019},
    issn = {00063207},
    keywords = {Agricultural wetlands, Post-harvest management, Ricefields, Satellite images, Waterfowl, Winter}
}

@article{Mouret2004AnFrance,
    title = {{An integrated study of the development of organic rice cultivation in the Camargue (France)}},
    year = {2004},
    journal = {Challenges and opportunities for sustainable rice-based production systems},
    author = {Mouret, Jean-Claude and Hammond, Roy and Dreyfus, Fabrice and Desclaux, Dominique and Marnotte, Pascal and Mesleard, François},
    number = {September},
    pages = {11 p.},
    keywords = {CAMARGUE, INTERDISCIPLINARY APPROACH, ORGANIC RICE}
}

@inproceedings{Ryu2011AnalysisClassification,
    title = {{Analysis of spectral measurements in paddy rice field: Implications for land use classification}},
    year = {2011},
    booktitle = {MODSIM 2011 - 19th International Congress on Modelling and Simulation - Sustaining Our Future: Understanding and Living with Uncertainty},
    author = {Ryu, D. and Teluguntla, P. and Malano, H. and George, B. and Nawarathna, B. and Radha, A.},
    isbn = {9780987214317},
    keywords = {Crop fields mapping, Land use classification, Paddy rice, Remote sensing, Vegetation index}
}

@article{Grillas1990DistributionFactors,
    title = {{Distribution of submerged macrophytes in the Camargue in relation to environmental factors}},
    year = {1990},
    journal = {Journal of Vegetation Science},
    author = {Grillas, Patrick},
    number = {3},
    pages = {393--402},
    volume = {1},
    doi = {10.2307/3235716},
    issn = {11009233},
    keywords = {abbreviations, ca, canonical correspondence analysis, cca, correspondence analysis, environmental correlate, gradient, mediterranean, oligohaline, ordination, pca, principal components, salinity, water-regime}
}

@article{Caillaud1991EssaiOuest,
    title = {{Essai de discrimination des modes d'utilisation des marais maritimes par analyse multitemporelle d'images SPOT, application aux marais maritimes du Centre Ouest}},
    year = {1991},
    journal = {IFREMER report},
    author = {Caillaud, L and Guillaumont, B and Manaud, F},
    pages = {45}
}

@article{Ndikumana2018EstimationFrance,
    title = {{Estimation of rice height and biomass using multitemporal SAR Sentinel-1 for Camargue, Southern France}},
    year = {2018},
    journal = {Remote Sensing},
    author = {Ndikumana, Emile and Minh, Dinh Ho Tong and Nguyen, Hai Thu Dang and Baghdadi, Nicolas and Courault, Dominique and Hossard, Laure and Moussawi, Ibrahim El},
    number = {9},
    pages = {1--18},
    volume = {10},
    doi = {10.3390/rs10091394},
    issn = {20724292},
    keywords = {Camargue, Multiple Linear Regression, Random Forest, Rice dry biomass, Rice height, Sentinel-1, TomoSAR platform, Souther France, Support Vector Regression}
}

@article{Perennou2012ExistingOverview,
    title = {{Existing areas and past changes of wetland extent in the Mediterranean region: an overview}},
    year = {2012},
    author = {Perennou, Christian and Beltrame, Coralie and Guelmami, Anis and Vives, Pere Tomàs},
    number = {2},
    pages = {53--66},
    volume = {38}
}

@misc{PerennouLaPerspectives,
    title = {{La Camargue au fil du temps: Evolutions r{\'{e}}centes et perspectives}},
    author = {Perennou, Christian},
    publisher = {La Tour du Valat}
}

@article{Davranche2013MappingData,
    title = {{Mapping flooding regimes in Camargue wetlands using seasonal multispectral data}},
    year = {2013},
    journal = {Remote Sensing of Environment},
    author = {Davranche, Aurélie and Poulin, Brigitte and Lefebvre, Gaëtan},
    pages = {165--171},
    volume = {138},
    publisher = {Elsevier Inc.},
    doi = {10.1016/j.rse.2013.07.015},
    issn = {00344257},
    keywords = {Camargue, Classification tree, Multispectral indices, Regression models, SPOT-5, Water levels, Wetland monitoring}
}

@incollection{Perennou2018MappingMap,
    title = {{Mapping Mediterranean Wetlands With Remote Sensing: A Good-Looking Map Is Not Always a Good Map}},
    year = {2018},
    booktitle = {Advances in Ecological Research},
    author = {Perennou, Christian and Guelmami, Anis and Paganini, Marc and Philipson, Petra and Poulin, Brigitte and Strauch, Adrian and Tottrup, Christian and Truckenbrodt, John and Geijzendorffer, Ilse R.},
    doi = {10.1016/bs.aecr.2017.12.002},
    issn = {00652504},
    keywords = {Flooding, Habitat, Land cover, Monitoring, Quality control, Trend, Uncertainty, Validation, Wetland mapping}
}

@article{Xiao2005MappingImages,
    title = {{Mapping paddy rice agriculture in southern China using multi-temporal MODIS images}},
    year = {2005},
    journal = {Remote Sensing of Environment},
    author = {Xiao, Xiangming and Boles, Stephen and Liu, Jiyuan and Zhuang, Dafang and Frolking, Steve and Li, Changsheng and Salas, William and Moore, Berrien},
    number = {4},
    pages = {480--492},
    volume = {95},
    doi = {10.1016/j.rse.2004.12.009},
    issn = {00344257},
    keywords = {Enhanced vegetation index, Land surface water index, MODIS images, Paddy rice fields}
}

@article{Bazzi2019MappingFrance,
    title = {{Mapping paddy rice using Sentinel-1 SAR time series in Camargue, France}},
    year = {2019},
    journal = {Remote Sensing},
    author = {Bazzi, Hassan and Baghdadi, Nicolas and El Hajj, Mohammad and Zribi, Mehrez and Minh, Dinh Ho Tong and Ndikumana, Emile and Courault, Dominique and Belhouchette, Hatem},
    number = {7},
    pages = {1--16},
    volume = {11},
    doi = {10.3390/RS11070887},
    issn = {20724292},
    keywords = {Classification, Decision tree, Random forest, Rice, SAR, Sentinel-1}
}

@article{Li2018MappingOLI,
    title = {{Mapping rice planted area using a new normalized EVI and SAVI (NVI) derived from landsat-8 OLI}},
    year = {2018},
    journal = {IEEE Geoscience and Remote Sensing Letters},
    author = {Li, Peng and Xiao, Chiwei and Feng, Zhiming},
    number = {12},
    pages = {1822--1826},
    volume = {15},
    publisher = {IEEE},
    doi = {10.1109/LGRS.2018.2865516},
    issn = {15580571},
    keywords = {Enhanced vegetation index (EVI), Landsat, rice planted paddy, soil-adjusted vegetation index (SAVI)}
}

@article{Rouse1974MonitoringSP-351,
    title = {{Monitoring vegetation systems in the Great Plains with ERTS, NASA SP-351}},
    year = {1974},
    journal = {Third ERTS-1 Symposium, Vol. 1},
    author = {Rouse, W and Haas, R H and Deering, D W}
}

@article{Gao1996NDWISpace,
    title = {{NDWI - A normalized difference water index for remote sensing of vegetation liquid water from space}},
    year = {1996},
    journal = {Remote Sensing of Environment},
    author = {Gao, Bo Cai},
    doi = {10.1016/S0034-4257(96)00067-3},
    issn = {00344257}
}

@article{McFeeters1996TheFeatures,
    title = {{The use of the Normalized Difference Water Index (NDWI) in the delineation of open water features}},
    year = {1996},
    journal = {International Journal of Remote Sensing},
    author = {McFeeters, S. K.},
    doi = {10.1080/01431169608948714},
    issn = {13665901}
}