@article{DAVRANCHE2013165,
title = {Mapping flooding regimes in Camargue wetlands using seasonal multispectral data},
journal = {Remote Sensing of Environment},
volume = {138},
pages = {165-171},
year = {2013},
issn = {0034-4257},
doi = {https://doi.org/10.1016/j.rse.2013.07.015},
url = {https://www.sciencedirect.com/science/article/pii/S0034425713002277},
author = {Aurélie Davranche and Brigitte Poulin and Gaëtan Lefebvre},

}